@misc{https://doi.org/10.5286/SOFTWARE/ICAT,
  doi = {10.5286/SOFTWARE/ICAT},
  url = {https://doi.org/10.5286/SOFTWARE/ICAT},
  author = {{The ICAT Collaboration}},
  publisher = {the ICAT Collaboration},
  title = {The ICAT Project},
  year = {2014}
}



@online{ActiveMQ,
  author = {{Apache Software Foundation}},
  title = {Apache ActiveMQ},
  year = 2016,
  url = {http://activemq.apache.org/},
  urldate = {2016-09-21}
}
